%YAML 1.1
%TAG !u! tag:unity3d.com,2011:
--- !u!1 &3611839224250149325
GameObject:
  m_ObjectHideFlags: 0
  m_CorrespondingSourceObject: {fileID: 0}
  m_PrefabInstance: {fileID: 0}
  m_PrefabAsset: {fileID: 0}
  serializedVersion: 6
  m_Component:
  - component: {fileID: 3611839224250578413}
  - component: {fileID: 3611839224253478349}
  - component: {fileID: 3611839224252348173}
  - component: {fileID: 4019422618240165233}
  m_Layer: 0
  m_Name: Stage27
  m_TagString: Untagged
  m_Icon: {fileID: 0}
  m_NavMeshLayer: 0
  m_StaticEditorFlags: 0
  m_IsActive: 1
--- !u!4 &3611839224250578413
Transform:
  m_ObjectHideFlags: 0
  m_CorrespondingSourceObject: {fileID: 0}
  m_PrefabInstance: {fileID: 0}
  m_PrefabAsset: {fileID: 0}
  m_GameObject: {fileID: 3611839224250149325}
  m_LocalRotation: {x: -0.7071068, y: 0, z: -0, w: 0.7071068}
  m_LocalPosition: {x: 0, y: 0.25, z: 0}
  m_LocalScale: {x: 1, y: 1, z: 1}
  m_Children:
  - {fileID: 8678605907876115754}
  - {fileID: 1945904043256948271}
  m_Father: {fileID: 0}
  m_RootOrder: 0
  m_LocalEulerAnglesHint: {x: 0, y: 0, z: 0}
--- !u!33 &3611839224253478349
MeshFilter:
  m_ObjectHideFlags: 0
  m_CorrespondingSourceObject: {fileID: 0}
  m_PrefabInstance: {fileID: 0}
  m_PrefabAsset: {fileID: 0}
  m_GameObject: {fileID: 3611839224250149325}
  m_Mesh: {fileID: 4300000, guid: c2fb9ea3f851c304e8404f8a633c0647, type: 3}
--- !u!23 &3611839224252348173
MeshRenderer:
  m_ObjectHideFlags: 0
  m_CorrespondingSourceObject: {fileID: 0}
  m_PrefabInstance: {fileID: 0}
  m_PrefabAsset: {fileID: 0}
  m_GameObject: {fileID: 3611839224250149325}
  m_Enabled: 1
  m_CastShadows: 1
  m_ReceiveShadows: 1
  m_DynamicOccludee: 1
  m_MotionVectors: 1
  m_LightProbeUsage: 1
  m_ReflectionProbeUsage: 1
  m_RenderingLayerMask: 1
  m_RendererPriority: 0
  m_Materials:
  - {fileID: 2100000, guid: a169616edf265134b85fc40d77a125d3, type: 2}
  m_StaticBatchInfo:
    firstSubMesh: 0
    subMeshCount: 0
  m_StaticBatchRoot: {fileID: 0}
  m_ProbeAnchor: {fileID: 0}
  m_LightProbeVolumeOverride: {fileID: 0}
  m_ScaleInLightmap: 1
  m_PreserveUVs: 0
  m_IgnoreNormalsForChartDetection: 0
  m_ImportantGI: 0
  m_StitchLightmapSeams: 0
  m_SelectedEditorRenderState: 3
  m_MinimumChartSize: 4
  m_AutoUVMaxDistance: 0.5
  m_AutoUVMaxAngle: 89
  m_LightmapParameters: {fileID: 0}
  m_SortingLayerID: 0
  m_SortingLayer: 0
  m_SortingOrder: 0
--- !u!65 &4019422618240165233
BoxCollider:
  m_ObjectHideFlags: 0
  m_CorrespondingSourceObject: {fileID: 0}
  m_PrefabInstance: {fileID: 0}
  m_PrefabAsset: {fileID: 0}
  m_GameObject: {fileID: 3611839224250149325}
  m_Material: {fileID: 0}
  m_IsTrigger: 0
  m_Enabled: 1
  serializedVersion: 2
  m_Size: {x: 0.9106034, y: 0.90474725, z: 0.5000001}
  m_Center: {x: 0.0036994219, y: -0.0023911, z: 0.000000029802322}
--- !u!1001 &2846860748438687397
PrefabInstance:
  m_ObjectHideFlags: 0
  serializedVersion: 2
  m_Modification:
    m_TransformParent: {fileID: 3611839224250578413}
    m_Modifications:
    - target: {fileID: 1802608473324481230, guid: e5ff1a89d6994c642aab4b7d807cbb92,
        type: 3}
      propertyPath: m_Name
      value: CenterMark
      objectReference: {fileID: 0}
    - target: {fileID: 6913745419138710415, guid: e5ff1a89d6994c642aab4b7d807cbb92,
        type: 3}
      propertyPath: m_LocalPosition.x
      value: 0
      objectReference: {fileID: 0}
    - target: {fileID: 6913745419138710415, guid: e5ff1a89d6994c642aab4b7d807cbb92,
        type: 3}
      propertyPath: m_LocalPosition.y
      value: 0
      objectReference: {fileID: 0}
    - target: {fileID: 6913745419138710415, guid: e5ff1a89d6994c642aab4b7d807cbb92,
        type: 3}
      propertyPath: m_LocalPosition.z
      value: 0.248
      objectReference: {fileID: 0}
    - target: {fileID: 6913745419138710415, guid: e5ff1a89d6994c642aab4b7d807cbb92,
        type: 3}
      propertyPath: m_LocalRotation.x
      value: 0
      objectReference: {fileID: 0}
    - target: {fileID: 6913745419138710415, guid: e5ff1a89d6994c642aab4b7d807cbb92,
        type: 3}
      propertyPath: m_LocalRotation.y
      value: 0
      objectReference: {fileID: 0}
    - target: {fileID: 6913745419138710415, guid: e5ff1a89d6994c642aab4b7d807cbb92,
        type: 3}
      propertyPath: m_LocalRotation.z
      value: 0
      objectReference: {fileID: 0}
    - target: {fileID: 6913745419138710415, guid: e5ff1a89d6994c642aab4b7d807cbb92,
        type: 3}
      propertyPath: m_LocalRotation.w
      value: 1
      objectReference: {fileID: 0}
    - target: {fileID: 6913745419138710415, guid: e5ff1a89d6994c642aab4b7d807cbb92,
        type: 3}
      propertyPath: m_RootOrder
      value: 0
      objectReference: {fileID: 0}
    - target: {fileID: 6913745419138710415, guid: e5ff1a89d6994c642aab4b7d807cbb92,
        type: 3}
      propertyPath: m_LocalEulerAnglesHint.x
      value: 0
      objectReference: {fileID: 0}
    - target: {fileID: 6913745419138710415, guid: e5ff1a89d6994c642aab4b7d807cbb92,
        type: 3}
      propertyPath: m_LocalEulerAnglesHint.y
      value: 0
      objectReference: {fileID: 0}
    - target: {fileID: 6913745419138710415, guid: e5ff1a89d6994c642aab4b7d807cbb92,
        type: 3}
      propertyPath: m_LocalEulerAnglesHint.z
      value: 0
      objectReference: {fileID: 0}
    m_RemovedComponents: []
  m_SourcePrefab: {fileID: 100100000, guid: e5ff1a89d6994c642aab4b7d807cbb92, type: 3}
--- !u!4 &8678605907876115754 stripped
Transform:
  m_CorrespondingSourceObject: {fileID: 6913745419138710415, guid: e5ff1a89d6994c642aab4b7d807cbb92,
    type: 3}
  m_PrefabInstance: {fileID: 2846860748438687397}
  m_PrefabAsset: {fileID: 0}
--- !u!1001 &6963207673210596999
PrefabInstance:
  m_ObjectHideFlags: 0
  serializedVersion: 2
  m_Modification:
    m_TransformParent: {fileID: 3611839224250578413}
    m_Modifications:
    - target: {fileID: 8909093227696375979, guid: 16377009aff74c04abf55b08d6349c23,
        type: 3}
      propertyPath: m_Name
      value: Halo
      objectReference: {fileID: 0}
    - target: {fileID: 8909093227696375979, guid: 16377009aff74c04abf55b08d6349c23,
        type: 3}
      propertyPath: m_IsActive
      value: 0
      objectReference: {fileID: 0}
    - target: {fileID: 8909093227696375976, guid: 16377009aff74c04abf55b08d6349c23,
        type: 3}
      propertyPath: m_LocalPosition.x
      value: 0
      objectReference: {fileID: 0}
    - target: {fileID: 8909093227696375976, guid: 16377009aff74c04abf55b08d6349c23,
        type: 3}
      propertyPath: m_LocalPosition.y
      value: 0
      objectReference: {fileID: 0}
    - target: {fileID: 8909093227696375976, guid: 16377009aff74c04abf55b08d6349c23,
        type: 3}
      propertyPath: m_LocalPosition.z
      value: 0.253
      objectReference: {fileID: 0}
    - target: {fileID: 8909093227696375976, guid: 16377009aff74c04abf55b08d6349c23,
        type: 3}
      propertyPath: m_LocalRotation.x
      value: 0
      objectReference: {fileID: 0}
    - target: {fileID: 8909093227696375976, guid: 16377009aff74c04abf55b08d6349c23,
        type: 3}
      propertyPath: m_LocalRotation.y
      value: 0
      objectReference: {fileID: 0}
    - target: {fileID: 8909093227696375976, guid: 16377009aff74c04abf55b08d6349c23,
        type: 3}
      propertyPath: m_LocalRotation.z
      value: 0
      objectReference: {fileID: 0}
    - target: {fileID: 8909093227696375976, guid: 16377009aff74c04abf55b08d6349c23,
        type: 3}
      propertyPath: m_LocalRotation.w
      value: 1
      objectReference: {fileID: 0}
    - target: {fileID: 8909093227696375976, guid: 16377009aff74c04abf55b08d6349c23,
        type: 3}
      propertyPath: m_RootOrder
      value: 1
      objectReference: {fileID: 0}
    - target: {fileID: 8909093227696375976, guid: 16377009aff74c04abf55b08d6349c23,
        type: 3}
      propertyPath: m_LocalEulerAnglesHint.x
      value: 0
      objectReference: {fileID: 0}
    - target: {fileID: 8909093227696375976, guid: 16377009aff74c04abf55b08d6349c23,
        type: 3}
      propertyPath: m_LocalEulerAnglesHint.y
      value: 0
      objectReference: {fileID: 0}
    - target: {fileID: 8909093227696375976, guid: 16377009aff74c04abf55b08d6349c23,
        type: 3}
      propertyPath: m_LocalEulerAnglesHint.z
      value: 0
      objectReference: {fileID: 0}
    m_RemovedComponents: []
  m_SourcePrefab: {fileID: 100100000, guid: 16377009aff74c04abf55b08d6349c23, type: 3}
--- !u!4 &1945904043256948271 stripped
Transform:
  m_CorrespondingSourceObject: {fileID: 8909093227696375976, guid: 16377009aff74c04abf55b08d6349c23,
    type: 3}
  m_PrefabInstance: {fileID: 6963207673210596999}
  m_PrefabAsset: {fileID: 0}
