%YAML 1.1
%TAG !u! tag:unity3d.com,2011:
--- !u!1 &6458751898523151986
GameObject:
  m_ObjectHideFlags: 0
  m_CorrespondingSourceObject: {fileID: 0}
  m_PrefabInstance: {fileID: 0}
  m_PrefabAsset: {fileID: 0}
  serializedVersion: 6
  m_Component:
  - component: {fileID: 6458751898523382354}
  - component: {fileID: 6458751898524185202}
  - component: {fileID: 6458751898525151410}
  - component: {fileID: 6101623191358272115}
  m_Layer: 0
  m_Name: Stage31
  m_TagString: Untagged
  m_Icon: {fileID: 0}
  m_NavMeshLayer: 0
  m_StaticEditorFlags: 0
  m_IsActive: 1
--- !u!4 &6458751898523382354
Transform:
  m_ObjectHideFlags: 0
  m_CorrespondingSourceObject: {fileID: 0}
  m_PrefabInstance: {fileID: 0}
  m_PrefabAsset: {fileID: 0}
  m_GameObject: {fileID: 6458751898523151986}
  m_LocalRotation: {x: -0.7071068, y: 0, z: -0, w: 0.7071068}
  m_LocalPosition: {x: 0, y: 0, z: 0}
  m_LocalScale: {x: 1, y: 1, z: 1}
  m_Children:
  - {fileID: 8358497187282318593}
  - {fileID: 2397835621479388023}
  m_Father: {fileID: 0}
  m_RootOrder: 0
  m_LocalEulerAnglesHint: {x: 0, y: 0, z: 0}
--- !u!33 &6458751898524185202
MeshFilter:
  m_ObjectHideFlags: 0
  m_CorrespondingSourceObject: {fileID: 0}
  m_PrefabInstance: {fileID: 0}
  m_PrefabAsset: {fileID: 0}
  m_GameObject: {fileID: 6458751898523151986}
  m_Mesh: {fileID: 4300000, guid: 1d3f00db0e9dca1448bfd053d5150786, type: 3}
--- !u!23 &6458751898525151410
MeshRenderer:
  m_ObjectHideFlags: 0
  m_CorrespondingSourceObject: {fileID: 0}
  m_PrefabInstance: {fileID: 0}
  m_PrefabAsset: {fileID: 0}
  m_GameObject: {fileID: 6458751898523151986}
  m_Enabled: 1
  m_CastShadows: 1
  m_ReceiveShadows: 1
  m_DynamicOccludee: 1
  m_MotionVectors: 1
  m_LightProbeUsage: 1
  m_ReflectionProbeUsage: 1
  m_RenderingLayerMask: 1
  m_RendererPriority: 0
  m_Materials:
  - {fileID: 2100000, guid: f98565025ed62094eba28e84d3a08388, type: 2}
  m_StaticBatchInfo:
    firstSubMesh: 0
    subMeshCount: 0
  m_StaticBatchRoot: {fileID: 0}
  m_ProbeAnchor: {fileID: 0}
  m_LightProbeVolumeOverride: {fileID: 0}
  m_ScaleInLightmap: 1
  m_PreserveUVs: 0
  m_IgnoreNormalsForChartDetection: 0
  m_ImportantGI: 0
  m_StitchLightmapSeams: 0
  m_SelectedEditorRenderState: 3
  m_MinimumChartSize: 4
  m_AutoUVMaxDistance: 0.5
  m_AutoUVMaxAngle: 89
  m_LightmapParameters: {fileID: 0}
  m_SortingLayerID: 0
  m_SortingLayer: 0
  m_SortingOrder: 0
--- !u!65 &6101623191358272115
BoxCollider:
  m_ObjectHideFlags: 0
  m_CorrespondingSourceObject: {fileID: 0}
  m_PrefabInstance: {fileID: 0}
  m_PrefabAsset: {fileID: 0}
  m_GameObject: {fileID: 6458751898523151986}
  m_Material: {fileID: 0}
  m_IsTrigger: 0
  m_Enabled: 1
  serializedVersion: 2
  m_Size: {x: 1, y: 1.0000002, z: 0.5000001}
  m_Center: {x: 0, y: 0, z: 0.25000006}
--- !u!1001 &3174428865136119438
PrefabInstance:
  m_ObjectHideFlags: 0
  serializedVersion: 2
  m_Modification:
    m_TransformParent: {fileID: 6458751898523382354}
    m_Modifications:
    - target: {fileID: 1802608473324481230, guid: e5ff1a89d6994c642aab4b7d807cbb92,
        type: 3}
      propertyPath: m_Name
      value: CenterMark
      objectReference: {fileID: 0}
    - target: {fileID: 6913745419138710415, guid: e5ff1a89d6994c642aab4b7d807cbb92,
        type: 3}
      propertyPath: m_LocalPosition.x
      value: 0
      objectReference: {fileID: 0}
    - target: {fileID: 6913745419138710415, guid: e5ff1a89d6994c642aab4b7d807cbb92,
        type: 3}
      propertyPath: m_LocalPosition.y
      value: 0
      objectReference: {fileID: 0}
    - target: {fileID: 6913745419138710415, guid: e5ff1a89d6994c642aab4b7d807cbb92,
        type: 3}
      propertyPath: m_LocalPosition.z
      value: 0.499
      objectReference: {fileID: 0}
    - target: {fileID: 6913745419138710415, guid: e5ff1a89d6994c642aab4b7d807cbb92,
        type: 3}
      propertyPath: m_LocalRotation.x
      value: 0
      objectReference: {fileID: 0}
    - target: {fileID: 6913745419138710415, guid: e5ff1a89d6994c642aab4b7d807cbb92,
        type: 3}
      propertyPath: m_LocalRotation.y
      value: 0
      objectReference: {fileID: 0}
    - target: {fileID: 6913745419138710415, guid: e5ff1a89d6994c642aab4b7d807cbb92,
        type: 3}
      propertyPath: m_LocalRotation.z
      value: 0
      objectReference: {fileID: 0}
    - target: {fileID: 6913745419138710415, guid: e5ff1a89d6994c642aab4b7d807cbb92,
        type: 3}
      propertyPath: m_LocalRotation.w
      value: 1
      objectReference: {fileID: 0}
    - target: {fileID: 6913745419138710415, guid: e5ff1a89d6994c642aab4b7d807cbb92,
        type: 3}
      propertyPath: m_RootOrder
      value: 0
      objectReference: {fileID: 0}
    - target: {fileID: 6913745419138710415, guid: e5ff1a89d6994c642aab4b7d807cbb92,
        type: 3}
      propertyPath: m_LocalEulerAnglesHint.x
      value: 0
      objectReference: {fileID: 0}
    - target: {fileID: 6913745419138710415, guid: e5ff1a89d6994c642aab4b7d807cbb92,
        type: 3}
      propertyPath: m_LocalEulerAnglesHint.y
      value: 0
      objectReference: {fileID: 0}
    - target: {fileID: 6913745419138710415, guid: e5ff1a89d6994c642aab4b7d807cbb92,
        type: 3}
      propertyPath: m_LocalEulerAnglesHint.z
      value: 0
      objectReference: {fileID: 0}
    m_RemovedComponents: []
  m_SourcePrefab: {fileID: 100100000, guid: e5ff1a89d6994c642aab4b7d807cbb92, type: 3}
--- !u!4 &8358497187282318593 stripped
Transform:
  m_CorrespondingSourceObject: {fileID: 6913745419138710415, guid: e5ff1a89d6994c642aab4b7d807cbb92,
    type: 3}
  m_PrefabInstance: {fileID: 3174428865136119438}
  m_PrefabAsset: {fileID: 0}
--- !u!1001 &6549825803723529183
PrefabInstance:
  m_ObjectHideFlags: 0
  serializedVersion: 2
  m_Modification:
    m_TransformParent: {fileID: 6458751898523382354}
    m_Modifications:
    - target: {fileID: 8909093227696375979, guid: 16377009aff74c04abf55b08d6349c23,
        type: 3}
      propertyPath: m_Name
      value: Halo
      objectReference: {fileID: 0}
    - target: {fileID: 8909093227696375979, guid: 16377009aff74c04abf55b08d6349c23,
        type: 3}
      propertyPath: m_IsActive
      value: 0
      objectReference: {fileID: 0}
    - target: {fileID: 8909093227696375976, guid: 16377009aff74c04abf55b08d6349c23,
        type: 3}
      propertyPath: m_LocalPosition.x
      value: 0
      objectReference: {fileID: 0}
    - target: {fileID: 8909093227696375976, guid: 16377009aff74c04abf55b08d6349c23,
        type: 3}
      propertyPath: m_LocalPosition.y
      value: 0
      objectReference: {fileID: 0}
    - target: {fileID: 8909093227696375976, guid: 16377009aff74c04abf55b08d6349c23,
        type: 3}
      propertyPath: m_LocalPosition.z
      value: 0.51
      objectReference: {fileID: 0}
    - target: {fileID: 8909093227696375976, guid: 16377009aff74c04abf55b08d6349c23,
        type: 3}
      propertyPath: m_LocalRotation.x
      value: 0
      objectReference: {fileID: 0}
    - target: {fileID: 8909093227696375976, guid: 16377009aff74c04abf55b08d6349c23,
        type: 3}
      propertyPath: m_LocalRotation.y
      value: 0
      objectReference: {fileID: 0}
    - target: {fileID: 8909093227696375976, guid: 16377009aff74c04abf55b08d6349c23,
        type: 3}
      propertyPath: m_LocalRotation.z
      value: 0
      objectReference: {fileID: 0}
    - target: {fileID: 8909093227696375976, guid: 16377009aff74c04abf55b08d6349c23,
        type: 3}
      propertyPath: m_LocalRotation.w
      value: 1
      objectReference: {fileID: 0}
    - target: {fileID: 8909093227696375976, guid: 16377009aff74c04abf55b08d6349c23,
        type: 3}
      propertyPath: m_RootOrder
      value: 1
      objectReference: {fileID: 0}
    - target: {fileID: 8909093227696375976, guid: 16377009aff74c04abf55b08d6349c23,
        type: 3}
      propertyPath: m_LocalEulerAnglesHint.x
      value: 0
      objectReference: {fileID: 0}
    - target: {fileID: 8909093227696375976, guid: 16377009aff74c04abf55b08d6349c23,
        type: 3}
      propertyPath: m_LocalEulerAnglesHint.y
      value: 0
      objectReference: {fileID: 0}
    - target: {fileID: 8909093227696375976, guid: 16377009aff74c04abf55b08d6349c23,
        type: 3}
      propertyPath: m_LocalEulerAnglesHint.z
      value: 0
      objectReference: {fileID: 0}
    m_RemovedComponents: []
  m_SourcePrefab: {fileID: 100100000, guid: 16377009aff74c04abf55b08d6349c23, type: 3}
--- !u!4 &2397835621479388023 stripped
Transform:
  m_CorrespondingSourceObject: {fileID: 8909093227696375976, guid: 16377009aff74c04abf55b08d6349c23,
    type: 3}
  m_PrefabInstance: {fileID: 6549825803723529183}
  m_PrefabAsset: {fileID: 0}
