%YAML 1.1
%TAG !u! tag:unity3d.com,2011:
--- !u!29 &1
OcclusionCullingSettings:
  m_ObjectHideFlags: 0
  serializedVersion: 2
  m_OcclusionBakeSettings:
    smallestOccluder: 5
    smallestHole: 0.25
    backfaceThreshold: 100
  m_SceneGUID: 00000000000000000000000000000000
  m_OcclusionCullingData: {fileID: 0}
--- !u!104 &2
RenderSettings:
  m_ObjectHideFlags: 0
  serializedVersion: 9
  m_Fog: 0
  m_FogColor: {r: 0.5, g: 0.5, b: 0.5, a: 1}
  m_FogMode: 3
  m_FogDensity: 0.01
  m_LinearFogStart: 0
  m_LinearFogEnd: 300
  m_AmbientSkyColor: {r: 0.212, g: 0.227, b: 0.259, a: 1}
  m_AmbientEquatorColor: {r: 0.114, g: 0.125, b: 0.133, a: 1}
  m_AmbientGroundColor: {r: 0.047, g: 0.043, b: 0.035, a: 1}
  m_AmbientIntensity: 1
  m_AmbientMode: 0
  m_SubtractiveShadowColor: {r: 0.42, g: 0.478, b: 0.627, a: 1}
  m_SkyboxMaterial: {fileID: 10304, guid: 0000000000000000f000000000000000, type: 0}
  m_HaloStrength: 0.5
  m_FlareStrength: 1
  m_FlareFadeSpeed: 3
  m_HaloTexture: {fileID: 0}
  m_SpotCookie: {fileID: 10001, guid: 0000000000000000e000000000000000, type: 0}
  m_DefaultReflectionMode: 0
  m_DefaultReflectionResolution: 128
  m_ReflectionBounces: 1
  m_ReflectionIntensity: 1
  m_CustomReflection: {fileID: 0}
  m_Sun: {fileID: 0}
  m_IndirectSpecularColor: {r: 0.44657898, g: 0.4964133, b: 0.5748178, a: 1}
  m_UseRadianceAmbientProbe: 0
--- !u!157 &3
LightmapSettings:
  m_ObjectHideFlags: 0
  serializedVersion: 11
  m_GIWorkflowMode: 0
  m_GISettings:
    serializedVersion: 2
    m_BounceScale: 1
    m_IndirectOutputScale: 1
    m_AlbedoBoost: 1
    m_EnvironmentLightingMode: 0
    m_EnableBakedLightmaps: 1
    m_EnableRealtimeLightmaps: 1
  m_LightmapEditorSettings:
    serializedVersion: 10
    m_Resolution: 2
    m_BakeResolution: 40
    m_AtlasSize: 1024
    m_AO: 0
    m_AOMaxDistance: 1
    m_CompAOExponent: 1
    m_CompAOExponentDirect: 0
    m_Padding: 2
    m_LightmapParameters: {fileID: 0}
    m_LightmapsBakeMode: 1
    m_TextureCompression: 1
    m_FinalGather: 0
    m_FinalGatherFiltering: 1
    m_FinalGatherRayCount: 256
    m_ReflectionCompression: 2
    m_MixedBakeMode: 2
    m_BakeBackend: 1
    m_PVRSampling: 1
    m_PVRDirectSampleCount: 32
    m_PVRSampleCount: 500
    m_PVRBounces: 2
    m_PVRFilterTypeDirect: 0
    m_PVRFilterTypeIndirect: 0
    m_PVRFilterTypeAO: 0
    m_PVRFilteringMode: 1
    m_PVRCulling: 1
    m_PVRFilteringGaussRadiusDirect: 1
    m_PVRFilteringGaussRadiusIndirect: 5
    m_PVRFilteringGaussRadiusAO: 2
    m_PVRFilteringAtrousPositionSigmaDirect: 0.5
    m_PVRFilteringAtrousPositionSigmaIndirect: 2
    m_PVRFilteringAtrousPositionSigmaAO: 1
    m_ShowResolutionOverlay: 1
  m_LightingDataAsset: {fileID: 0}
  m_UseShadowmask: 1
--- !u!196 &4
NavMeshSettings:
  serializedVersion: 2
  m_ObjectHideFlags: 0
  m_BuildSettings:
    serializedVersion: 2
    agentTypeID: 0
    agentRadius: 0.5
    agentHeight: 2
    agentSlope: 45
    agentClimb: 0.4
    ledgeDropHeight: 0
    maxJumpAcrossDistance: 0
    minRegionArea: 2
    manualCellSize: 0
    cellSize: 0.16666667
    manualTileSize: 0
    tileSize: 256
    accuratePlacement: 0
    debug:
      m_Flags: 0
  m_NavMeshData: {fileID: 0}
--- !u!1 &162656226
GameObject:
  m_ObjectHideFlags: 0
  m_CorrespondingSourceObject: {fileID: 0}
  m_PrefabInstance: {fileID: 0}
  m_PrefabAsset: {fileID: 0}
  serializedVersion: 6
  m_Component:
  - component: {fileID: 162656230}
  - component: {fileID: 162656229}
  - component: {fileID: 162656228}
  - component: {fileID: 162656227}
  m_Layer: 0
  m_Name: Plane
  m_TagString: Untagged
  m_Icon: {fileID: 0}
  m_NavMeshLayer: 0
  m_StaticEditorFlags: 0
  m_IsActive: 1
--- !u!64 &162656227
MeshCollider:
  m_ObjectHideFlags: 0
  m_CorrespondingSourceObject: {fileID: 0}
  m_PrefabInstance: {fileID: 0}
  m_PrefabAsset: {fileID: 0}
  m_GameObject: {fileID: 162656226}
  m_Material: {fileID: 0}
  m_IsTrigger: 0
  m_Enabled: 1
  serializedVersion: 3
  m_Convex: 0
  m_CookingOptions: 14
  m_Mesh: {fileID: 10209, guid: 0000000000000000e000000000000000, type: 0}
--- !u!23 &162656228
MeshRenderer:
  m_ObjectHideFlags: 0
  m_CorrespondingSourceObject: {fileID: 0}
  m_PrefabInstance: {fileID: 0}
  m_PrefabAsset: {fileID: 0}
  m_GameObject: {fileID: 162656226}
  m_Enabled: 1
  m_CastShadows: 1
  m_ReceiveShadows: 1
  m_DynamicOccludee: 1
  m_MotionVectors: 1
  m_LightProbeUsage: 1
  m_ReflectionProbeUsage: 1
  m_RenderingLayerMask: 1
  m_RendererPriority: 0
  m_Materials:
  - {fileID: 2100000, guid: 37944f7873e8f1847970ec9c4f92bf3c, type: 2}
  m_StaticBatchInfo:
    firstSubMesh: 0
    subMeshCount: 0
  m_StaticBatchRoot: {fileID: 0}
  m_ProbeAnchor: {fileID: 0}
  m_LightProbeVolumeOverride: {fileID: 0}
  m_ScaleInLightmap: 1
  m_PreserveUVs: 0
  m_IgnoreNormalsForChartDetection: 0
  m_ImportantGI: 0
  m_StitchLightmapSeams: 0
  m_SelectedEditorRenderState: 3
  m_MinimumChartSize: 4
  m_AutoUVMaxDistance: 0.5
  m_AutoUVMaxAngle: 89
  m_LightmapParameters: {fileID: 0}
  m_SortingLayerID: 0
  m_SortingLayer: 0
  m_SortingOrder: 0
--- !u!33 &162656229
MeshFilter:
  m_ObjectHideFlags: 0
  m_CorrespondingSourceObject: {fileID: 0}
  m_PrefabInstance: {fileID: 0}
  m_PrefabAsset: {fileID: 0}
  m_GameObject: {fileID: 162656226}
  m_Mesh: {fileID: 10209, guid: 0000000000000000e000000000000000, type: 0}
--- !u!4 &162656230
Transform:
  m_ObjectHideFlags: 0
  m_CorrespondingSourceObject: {fileID: 0}
  m_PrefabInstance: {fileID: 0}
  m_PrefabAsset: {fileID: 0}
  m_GameObject: {fileID: 162656226}
  m_LocalRotation: {x: 0, y: 0, z: 0, w: 1}
  m_LocalPosition: {x: 0, y: 0, z: 0}
  m_LocalScale: {x: 10000, y: 10000, z: 10000}
  m_Children: []
  m_Father: {fileID: 0}
  m_RootOrder: 3
  m_LocalEulerAnglesHint: {x: 0, y: 0, z: 0}
--- !u!1001 &198733154
PrefabInstance:
  m_ObjectHideFlags: 0
  serializedVersion: 2
  m_Modification:
    m_TransformParent: {fileID: 8764350643361560074}
    m_Modifications:
    - target: {fileID: 6411232406104520035, guid: 99896cae52ae9314abd8ae44d1971fec,
        type: 3}
      propertyPath: m_Name
      value: Texts2 (1)
      objectReference: {fileID: 0}
    - target: {fileID: 6411232406104520036, guid: 99896cae52ae9314abd8ae44d1971fec,
        type: 3}
      propertyPath: m_LocalPosition.x
      value: 0
      objectReference: {fileID: 0}
    - target: {fileID: 6411232406104520036, guid: 99896cae52ae9314abd8ae44d1971fec,
        type: 3}
      propertyPath: m_LocalPosition.y
      value: 0
      objectReference: {fileID: 0}
    - target: {fileID: 6411232406104520036, guid: 99896cae52ae9314abd8ae44d1971fec,
        type: 3}
      propertyPath: m_LocalPosition.z
      value: 0
      objectReference: {fileID: 0}
    - target: {fileID: 6411232406104520036, guid: 99896cae52ae9314abd8ae44d1971fec,
        type: 3}
      propertyPath: m_LocalRotation.x
      value: -0
      objectReference: {fileID: 0}
    - target: {fileID: 6411232406104520036, guid: 99896cae52ae9314abd8ae44d1971fec,
        type: 3}
      propertyPath: m_LocalRotation.y
      value: -0
      objectReference: {fileID: 0}
    - target: {fileID: 6411232406104520036, guid: 99896cae52ae9314abd8ae44d1971fec,
        type: 3}
      propertyPath: m_LocalRotation.z
      value: -0
      objectReference: {fileID: 0}
    - target: {fileID: 6411232406104520036, guid: 99896cae52ae9314abd8ae44d1971fec,
        type: 3}
      propertyPath: m_LocalRotation.w
      value: 1
      objectReference: {fileID: 0}
    - target: {fileID: 6411232406104520036, guid: 99896cae52ae9314abd8ae44d1971fec,
        type: 3}
      propertyPath: m_RootOrder
      value: 1
      objectReference: {fileID: 0}
    - target: {fileID: 6411232406104520036, guid: 99896cae52ae9314abd8ae44d1971fec,
        type: 3}
      propertyPath: m_LocalEulerAnglesHint.x
      value: 0
      objectReference: {fileID: 0}
    - target: {fileID: 6411232406104520036, guid: 99896cae52ae9314abd8ae44d1971fec,
        type: 3}
      propertyPath: m_LocalEulerAnglesHint.y
      value: 0
      objectReference: {fileID: 0}
    - target: {fileID: 6411232406104520036, guid: 99896cae52ae9314abd8ae44d1971fec,
        type: 3}
      propertyPath: m_LocalEulerAnglesHint.z
      value: 0
      objectReference: {fileID: 0}
    - target: {fileID: 6411232406104520036, guid: 99896cae52ae9314abd8ae44d1971fec,
        type: 3}
      propertyPath: m_AnchoredPosition.x
      value: 0
      objectReference: {fileID: 0}
    - target: {fileID: 6411232406104520036, guid: 99896cae52ae9314abd8ae44d1971fec,
        type: 3}
      propertyPath: m_AnchoredPosition.y
      value: -35
      objectReference: {fileID: 0}
    - target: {fileID: 6411232406104520036, guid: 99896cae52ae9314abd8ae44d1971fec,
        type: 3}
      propertyPath: m_SizeDelta.x
      value: 100
      objectReference: {fileID: 0}
    - target: {fileID: 6411232406104520036, guid: 99896cae52ae9314abd8ae44d1971fec,
        type: 3}
      propertyPath: m_SizeDelta.y
      value: 100
      objectReference: {fileID: 0}
    - target: {fileID: 6411232406104520036, guid: 99896cae52ae9314abd8ae44d1971fec,
        type: 3}
      propertyPath: m_AnchorMin.x
      value: 0.5
      objectReference: {fileID: 0}
    - target: {fileID: 6411232406104520036, guid: 99896cae52ae9314abd8ae44d1971fec,
        type: 3}
      propertyPath: m_AnchorMin.y
      value: 0.5
      objectReference: {fileID: 0}
    - target: {fileID: 6411232406104520036, guid: 99896cae52ae9314abd8ae44d1971fec,
        type: 3}
      propertyPath: m_AnchorMax.x
      value: 0.5
      objectReference: {fileID: 0}
    - target: {fileID: 6411232406104520036, guid: 99896cae52ae9314abd8ae44d1971fec,
        type: 3}
      propertyPath: m_AnchorMax.y
      value: 0.5
      objectReference: {fileID: 0}
    - target: {fileID: 6411232406104520036, guid: 99896cae52ae9314abd8ae44d1971fec,
        type: 3}
      propertyPath: m_Pivot.x
      value: 0.5
      objectReference: {fileID: 0}
    - target: {fileID: 6411232406104520036, guid: 99896cae52ae9314abd8ae44d1971fec,
        type: 3}
      propertyPath: m_Pivot.y
      value: 0.5
      objectReference: {fileID: 0}
    - target: {fileID: 6411232406691829115, guid: 99896cae52ae9314abd8ae44d1971fec,
        type: 3}
      propertyPath: m_Text
      value: 'Volume: '
      objectReference: {fileID: 0}
    - target: {fileID: 6411232406309437413, guid: 99896cae52ae9314abd8ae44d1971fec,
        type: 3}
      propertyPath: m_Name
      value: VolumeValue
      objectReference: {fileID: 0}
    m_RemovedComponents: []
  m_SourcePrefab: {fileID: 100100000, guid: 99896cae52ae9314abd8ae44d1971fec, type: 3}
--- !u!1 &475796438
GameObject:
  m_ObjectHideFlags: 0
  m_CorrespondingSourceObject: {fileID: 0}
  m_PrefabInstance: {fileID: 0}
  m_PrefabAsset: {fileID: 0}
  serializedVersion: 6
  m_Component:
  - component: {fileID: 475796441}
  - component: {fileID: 475796440}
  - component: {fileID: 475796439}
  m_Layer: 0
  m_Name: EventSystem
  m_TagString: Untagged
  m_Icon: {fileID: 0}
  m_NavMeshLayer: 0
  m_StaticEditorFlags: 0
  m_IsActive: 1
--- !u!114 &475796439
MonoBehaviour:
  m_ObjectHideFlags: 0
  m_CorrespondingSourceObject: {fileID: 0}
  m_PrefabInstance: {fileID: 0}
  m_PrefabAsset: {fileID: 0}
  m_GameObject: {fileID: 475796438}
  m_Enabled: 1
  m_EditorHideFlags: 0
  m_Script: {fileID: 1077351063, guid: f70555f144d8491a825f0804e09c671c, type: 3}
  m_Name: 
  m_EditorClassIdentifier: 
  m_HorizontalAxis: Horizontal
  m_VerticalAxis: Vertical
  m_SubmitButton: Submit
  m_CancelButton: Cancel
  m_InputActionsPerSecond: 10
  m_RepeatDelay: 0.5
  m_ForceModuleActive: 0
--- !u!114 &475796440
MonoBehaviour:
  m_ObjectHideFlags: 0
  m_CorrespondingSourceObject: {fileID: 0}
  m_PrefabInstance: {fileID: 0}
  m_PrefabAsset: {fileID: 0}
  m_GameObject: {fileID: 475796438}
  m_Enabled: 1
  m_EditorHideFlags: 0
  m_Script: {fileID: -619905303, guid: f70555f144d8491a825f0804e09c671c, type: 3}
  m_Name: 
  m_EditorClassIdentifier: 
  m_FirstSelected: {fileID: 0}
  m_sendNavigationEvents: 1
  m_DragThreshold: 10
--- !u!4 &475796441
Transform:
  m_ObjectHideFlags: 0
  m_CorrespondingSourceObject: {fileID: 0}
  m_PrefabInstance: {fileID: 0}
  m_PrefabAsset: {fileID: 0}
  m_GameObject: {fileID: 475796438}
  m_LocalRotation: {x: 0, y: 0, z: 0, w: 1}
  m_LocalPosition: {x: 0, y: 0, z: 0}
  m_LocalScale: {x: 1, y: 1, z: 1}
  m_Children: []
  m_Father: {fileID: 0}
  m_RootOrder: 5
  m_LocalEulerAnglesHint: {x: 0, y: 0, z: 0}
--- !u!1001 &790308336
PrefabInstance:
  m_ObjectHideFlags: 0
  serializedVersion: 2
  m_Modification:
    m_TransformParent: {fileID: 1993056729}
    m_Modifications:
    - target: {fileID: 8065182599733261571, guid: 2c60e7cf3cbb1f0408bc4c2583bdec57,
        type: 3}
      propertyPath: m_Name
      value: StartStage
      objectReference: {fileID: 0}
    - target: {fileID: 8065182599733356835, guid: 2c60e7cf3cbb1f0408bc4c2583bdec57,
        type: 3}
      propertyPath: m_LocalPosition.x
      value: -0.32615292
      objectReference: {fileID: 0}
    - target: {fileID: 8065182599733356835, guid: 2c60e7cf3cbb1f0408bc4c2583bdec57,
        type: 3}
      propertyPath: m_LocalPosition.y
      value: -0.64383876
      objectReference: {fileID: 0}
    - target: {fileID: 8065182599733356835, guid: 2c60e7cf3cbb1f0408bc4c2583bdec57,
        type: 3}
      propertyPath: m_LocalPosition.z
      value: 0.24610186
      objectReference: {fileID: 0}
    - target: {fileID: 8065182599733356835, guid: 2c60e7cf3cbb1f0408bc4c2583bdec57,
        type: 3}
      propertyPath: m_LocalRotation.x
      value: -0.7071068
      objectReference: {fileID: 0}
    - target: {fileID: 8065182599733356835, guid: 2c60e7cf3cbb1f0408bc4c2583bdec57,
        type: 3}
      propertyPath: m_LocalRotation.y
      value: -0
      objectReference: {fileID: 0}
    - target: {fileID: 8065182599733356835, guid: 2c60e7cf3cbb1f0408bc4c2583bdec57,
        type: 3}
      propertyPath: m_LocalRotation.z
      value: -0
      objectReference: {fileID: 0}
    - target: {fileID: 8065182599733356835, guid: 2c60e7cf3cbb1f0408bc4c2583bdec57,
        type: 3}
      propertyPath: m_LocalRotation.w
      value: 0.7071068
      objectReference: {fileID: 0}
    - target: {fileID: 8065182599733356835, guid: 2c60e7cf3cbb1f0408bc4c2583bdec57,
        type: 3}
      propertyPath: m_RootOrder
      value: 0
      objectReference: {fileID: 0}
    - target: {fileID: 8065182599733356835, guid: 2c60e7cf3cbb1f0408bc4c2583bdec57,
        type: 3}
      propertyPath: m_LocalEulerAnglesHint.x
      value: 0
      objectReference: {fileID: 0}
    - target: {fileID: 8065182599733356835, guid: 2c60e7cf3cbb1f0408bc4c2583bdec57,
        type: 3}
      propertyPath: m_LocalEulerAnglesHint.y
      value: 0
      objectReference: {fileID: 0}
    - target: {fileID: 8065182599733356835, guid: 2c60e7cf3cbb1f0408bc4c2583bdec57,
        type: 3}
      propertyPath: m_LocalEulerAnglesHint.z
      value: 0
      objectReference: {fileID: 0}
    m_RemovedComponents: []
  m_SourcePrefab: {fileID: 100100000, guid: 2c60e7cf3cbb1f0408bc4c2583bdec57, type: 3}
--- !u!1 &790308337 stripped
GameObject:
  m_CorrespondingSourceObject: {fileID: 8065182599733261571, guid: 2c60e7cf3cbb1f0408bc4c2583bdec57,
    type: 3}
  m_PrefabInstance: {fileID: 790308336}
  m_PrefabAsset: {fileID: 0}
--- !u!114 &790308338
MonoBehaviour:
  m_ObjectHideFlags: 0
  m_CorrespondingSourceObject: {fileID: 0}
  m_PrefabInstance: {fileID: 0}
  m_PrefabAsset: {fileID: 0}
  m_GameObject: {fileID: 790308337}
  m_Enabled: 1
  m_EditorHideFlags: 0
  m_Script: {fileID: 11500000, guid: f330abfad2487944fb40e63c433769a6, type: 3}
  m_Name: 
  m_EditorClassIdentifier: 
  stageType: 0
  direction: {x: 1, y: 0, z: 0}
  isNewStage: 1
--- !u!4 &850841953 stripped
Transform:
  m_CorrespondingSourceObject: {fileID: 8065182599733356835, guid: 2c60e7cf3cbb1f0408bc4c2583bdec57,
    type: 3}
  m_PrefabInstance: {fileID: 790308336}
  m_PrefabAsset: {fileID: 0}
--- !u!114 &930730078 stripped
MonoBehaviour:
  m_CorrespondingSourceObject: {fileID: 6411232406309437415, guid: 99896cae52ae9314abd8ae44d1971fec,
    type: 3}
  m_PrefabInstance: {fileID: 2132151624}
  m_PrefabAsset: {fileID: 0}
  m_GameObject: {fileID: 0}
  m_Enabled: 1
  m_EditorHideFlags: 0
  m_Script: {fileID: 708705254, guid: f70555f144d8491a825f0804e09c671c, type: 3}
  m_Name: 
  m_EditorClassIdentifier: 
--- !u!1001 &1026903395
PrefabInstance:
  m_ObjectHideFlags: 0
  serializedVersion: 2
  m_Modification:
    m_TransformParent: {fileID: 8764350643361560074}
    m_Modifications:
    - target: {fileID: 8706324425931764673, guid: 9ca927afaf73afc449d1071c00319987,
        type: 3}
      propertyPath: m_Name
      value: GameOverMenu
      objectReference: {fileID: 0}
    - target: {fileID: 8706324425931764686, guid: 9ca927afaf73afc449d1071c00319987,
        type: 3}
      propertyPath: m_LocalPosition.x
      value: 0
      objectReference: {fileID: 0}
    - target: {fileID: 8706324425931764686, guid: 9ca927afaf73afc449d1071c00319987,
        type: 3}
      propertyPath: m_LocalPosition.y
      value: 0
      objectReference: {fileID: 0}
    - target: {fileID: 8706324425931764686, guid: 9ca927afaf73afc449d1071c00319987,
        type: 3}
      propertyPath: m_LocalPosition.z
      value: 0
      objectReference: {fileID: 0}
    - target: {fileID: 8706324425931764686, guid: 9ca927afaf73afc449d1071c00319987,
        type: 3}
      propertyPath: m_LocalRotation.x
      value: 0
      objectReference: {fileID: 0}
    - target: {fileID: 8706324425931764686, guid: 9ca927afaf73afc449d1071c00319987,
        type: 3}
      propertyPath: m_LocalRotation.y
      value: 0
      objectReference: {fileID: 0}
    - target: {fileID: 8706324425931764686, guid: 9ca927afaf73afc449d1071c00319987,
        type: 3}
      propertyPath: m_LocalRotation.z
      value: 0
      objectReference: {fileID: 0}
    - target: {fileID: 8706324425931764686, guid: 9ca927afaf73afc449d1071c00319987,
        type: 3}
      propertyPath: m_LocalRotation.w
      value: 1
      objectReference: {fileID: 0}
    - target: {fileID: 8706324425931764686, guid: 9ca927afaf73afc449d1071c00319987,
        type: 3}
      propertyPath: m_RootOrder
      value: 2
      objectReference: {fileID: 0}
    - target: {fileID: 8706324425931764686, guid: 9ca927afaf73afc449d1071c00319987,
        type: 3}
      propertyPath: m_LocalEulerAnglesHint.x
      value: 0
      objectReference: {fileID: 0}
    - target: {fileID: 8706324425931764686, guid: 9ca927afaf73afc449d1071c00319987,
        type: 3}
      propertyPath: m_LocalEulerAnglesHint.y
      value: 0
      objectReference: {fileID: 0}
    - target: {fileID: 8706324425931764686, guid: 9ca927afaf73afc449d1071c00319987,
        type: 3}
      propertyPath: m_LocalEulerAnglesHint.z
      value: 0
      objectReference: {fileID: 0}
    - target: {fileID: 8706324425931764686, guid: 9ca927afaf73afc449d1071c00319987,
        type: 3}
      propertyPath: m_AnchoredPosition.x
      value: 0
      objectReference: {fileID: 0}
    - target: {fileID: 8706324425931764686, guid: 9ca927afaf73afc449d1071c00319987,
        type: 3}
      propertyPath: m_AnchoredPosition.y
      value: -2000
      objectReference: {fileID: 0}
    - target: {fileID: 8706324425931764686, guid: 9ca927afaf73afc449d1071c00319987,
        type: 3}
      propertyPath: m_SizeDelta.x
      value: 100
      objectReference: {fileID: 0}
    - target: {fileID: 8706324425931764686, guid: 9ca927afaf73afc449d1071c00319987,
        type: 3}
      propertyPath: m_SizeDelta.y
      value: 100
      objectReference: {fileID: 0}
    - target: {fileID: 8706324425931764686, guid: 9ca927afaf73afc449d1071c00319987,
        type: 3}
      propertyPath: m_AnchorMin.x
      value: 0.5
      objectReference: {fileID: 0}
    - target: {fileID: 8706324425931764686, guid: 9ca927afaf73afc449d1071c00319987,
        type: 3}
      propertyPath: m_AnchorMin.y
      value: 0.5
      objectReference: {fileID: 0}
    - target: {fileID: 8706324425931764686, guid: 9ca927afaf73afc449d1071c00319987,
        type: 3}
      propertyPath: m_AnchorMax.x
      value: 0.5
      objectReference: {fileID: 0}
    - target: {fileID: 8706324425931764686, guid: 9ca927afaf73afc449d1071c00319987,
        type: 3}
      propertyPath: m_AnchorMax.y
      value: 0.5
      objectReference: {fileID: 0}
    - target: {fileID: 8706324425931764686, guid: 9ca927afaf73afc449d1071c00319987,
        type: 3}
      propertyPath: m_Pivot.x
      value: 0.5
      objectReference: {fileID: 0}
    - target: {fileID: 8706324425931764686, guid: 9ca927afaf73afc449d1071c00319987,
        type: 3}
      propertyPath: m_Pivot.y
      value: 0.5
      objectReference: {fileID: 0}
    - target: {fileID: 8706324425931764687, guid: 9ca927afaf73afc449d1071c00319987,
        type: 3}
      propertyPath: topScoreText
      value: 
      objectReference: {fileID: 1026903396}
    m_RemovedComponents: []
  m_SourcePrefab: {fileID: 100100000, guid: 9ca927afaf73afc449d1071c00319987, type: 3}
--- !u!114 &1026903396 stripped
MonoBehaviour:
  m_CorrespondingSourceObject: {fileID: 8706324424696413578, guid: 9ca927afaf73afc449d1071c00319987,
    type: 3}
  m_PrefabInstance: {fileID: 1026903395}
  m_PrefabAsset: {fileID: 0}
  m_GameObject: {fileID: 0}
  m_Enabled: 1
  m_EditorHideFlags: 0
  m_Script: {fileID: 708705254, guid: f70555f144d8491a825f0804e09c671c, type: 3}
  m_Name: 
  m_EditorClassIdentifier: 
--- !u!1 &1076657045
GameObject:
  m_ObjectHideFlags: 0
  m_CorrespondingSourceObject: {fileID: 0}
  m_PrefabInstance: {fileID: 0}
  m_PrefabAsset: {fileID: 0}
  serializedVersion: 6
  m_Component:
  - component: {fileID: 1076657047}
  - component: {fileID: 1076657046}
  m_Layer: 0
  m_Name: Directional Light
  m_TagString: Untagged
  m_Icon: {fileID: 0}
  m_NavMeshLayer: 0
  m_StaticEditorFlags: 0
  m_IsActive: 1
--- !u!108 &1076657046
Light:
  m_ObjectHideFlags: 0
  m_CorrespondingSourceObject: {fileID: 0}
  m_PrefabInstance: {fileID: 0}
  m_PrefabAsset: {fileID: 0}
  m_GameObject: {fileID: 1076657045}
  m_Enabled: 1
  serializedVersion: 8
  m_Type: 1
  m_Color: {r: 1, g: 0.95686275, b: 0.8392157, a: 1}
  m_Intensity: 1
  m_Range: 10
  m_SpotAngle: 30
  m_CookieSize: 10
  m_Shadows:
    m_Type: 2
    m_Resolution: -1
    m_CustomResolution: -1
    m_Strength: 1
    m_Bias: 0.05
    m_NormalBias: 0.4
    m_NearPlane: 0.2
  m_Cookie: {fileID: 0}
  m_DrawHalo: 0
  m_Flare: {fileID: 0}
  m_RenderMode: 0
  m_CullingMask:
    serializedVersion: 2
    m_Bits: 4294967295
  m_Lightmapping: 4
  m_LightShadowCasterMode: 0
  m_AreaSize: {x: 1, y: 1}
  m_BounceIntensity: 1
  m_ColorTemperature: 6570
  m_UseColorTemperature: 0
  m_ShadowRadius: 0
  m_ShadowAngle: 0
--- !u!4 &1076657047
Transform:
  m_ObjectHideFlags: 0
  m_CorrespondingSourceObject: {fileID: 0}
  m_PrefabInstance: {fileID: 0}
  m_PrefabAsset: {fileID: 0}
  m_GameObject: {fileID: 1076657045}
  m_LocalRotation: {x: 0.40821788, y: -0.23456968, z: 0.10938163, w: 0.8754261}
  m_LocalPosition: {x: 0, y: 3, z: 0}
  m_LocalScale: {x: 1, y: 1, z: 1}
  m_Children: []
  m_Father: {fileID: 0}
  m_RootOrder: 2
  m_LocalEulerAnglesHint: {x: 50, y: -30, z: 0}
--- !u!1 &1203160649
GameObject:
  m_ObjectHideFlags: 0
  m_CorrespondingSourceObject: {fileID: 0}
  m_PrefabInstance: {fileID: 0}
  m_PrefabAsset: {fileID: 0}
  serializedVersion: 6
  m_Component:
  - component: {fileID: 1203160652}
  - component: {fileID: 1203160651}
  - component: {fileID: 1203160650}
  - component: {fileID: 1203160653}
  - component: {fileID: 1203160655}
  - component: {fileID: 1203160654}
  - component: {fileID: 1203160656}
  - component: {fileID: 1203160657}
  m_Layer: 0
  m_Name: Main Camera
  m_TagString: MainCamera
  m_Icon: {fileID: 0}
  m_NavMeshLayer: 0
  m_StaticEditorFlags: 0
  m_IsActive: 1
--- !u!81 &1203160650
AudioListener:
  m_ObjectHideFlags: 0
  m_CorrespondingSourceObject: {fileID: 0}
  m_PrefabInstance: {fileID: 0}
  m_PrefabAsset: {fileID: 0}
  m_GameObject: {fileID: 1203160649}
  m_Enabled: 1
--- !u!20 &1203160651
Camera:
  m_ObjectHideFlags: 0
  m_CorrespondingSourceObject: {fileID: 0}
  m_PrefabInstance: {fileID: 0}
  m_PrefabAsset: {fileID: 0}
  m_GameObject: {fileID: 1203160649}
  m_Enabled: 1
  serializedVersion: 2
  m_ClearFlags: 1
  m_BackGroundColor: {r: 0.19215687, g: 0.3019608, b: 0.4745098, a: 0}
  m_projectionMatrixMode: 1
  m_SensorSize: {x: 36, y: 24}
  m_LensShift: {x: 0, y: 0}
  m_GateFitMode: 2
  m_FocalLength: 50
  m_NormalizedViewPortRect:
    serializedVersion: 2
    x: 0
    y: 0
    width: 1
    height: 1
  near clip plane: 0.3
  far clip plane: 1000
  field of view: 60
  orthographic: 0
  orthographic size: 5
  m_Depth: -1
  m_CullingMask:
    serializedVersion: 2
    m_Bits: 4294967295
  m_RenderingPath: -1
  m_TargetTexture: {fileID: 0}
  m_TargetDisplay: 0
  m_TargetEye: 3
  m_HDR: 1
  m_AllowMSAA: 1
  m_AllowDynamicResolution: 0
  m_ForceIntoRT: 1
  m_OcclusionCulling: 1
  m_StereoConvergence: 10
  m_StereoSeparation: 0.022
--- !u!4 &1203160652
Transform:
  m_ObjectHideFlags: 0
  m_CorrespondingSourceObject: {fileID: 0}
  m_PrefabInstance: {fileID: 0}
  m_PrefabAsset: {fileID: 0}
  m_GameObject: {fileID: 1203160649}
  m_LocalRotation: {x: 0.2153342, y: 0.39451006, z: -0.09564791, w: 0.88816917}
  m_LocalPosition: {x: -3.41, y: 4.63, z: -3}
  m_LocalScale: {x: 1, y: 1, z: 1}
  m_Children: []
  m_Father: {fileID: 0}
  m_RootOrder: 1
  m_LocalEulerAnglesHint: {x: 27.256, y: 47.9, z: 0}
--- !u!114 &1203160653
MonoBehaviour:
  m_ObjectHideFlags: 0
  m_CorrespondingSourceObject: {fileID: 0}
  m_PrefabInstance: {fileID: 0}
  m_PrefabAsset: {fileID: 0}
  m_GameObject: {fileID: 1203160649}
  m_Enabled: 1
  m_EditorHideFlags: 0
  m_Script: {fileID: 11500000, guid: 97751c44359a4a246898e30279432a17, type: 3}
  m_Name: 
  m_EditorClassIdentifier: 
--- !u!114 &1203160654
MonoBehaviour:
  m_ObjectHideFlags: 0
  m_CorrespondingSourceObject: {fileID: 0}
  m_PrefabInstance: {fileID: 0}
  m_PrefabAsset: {fileID: 0}
  m_GameObject: {fileID: 1203160649}
  m_Enabled: 1
  m_EditorHideFlags: 0
  m_Script: {fileID: 11500000, guid: dd2ad9d0ede98c941a74391916030326, type: 3}
  m_Name: 
  m_EditorClassIdentifier: 
--- !u!114 &1203160655
MonoBehaviour:
  m_ObjectHideFlags: 0
  m_CorrespondingSourceObject: {fileID: 0}
  m_PrefabInstance: {fileID: 0}
  m_PrefabAsset: {fileID: 0}
  m_GameObject: {fileID: 1203160649}
  m_Enabled: 1
  m_EditorHideFlags: 0
  m_Script: {fileID: 11500000, guid: ca50502787e7a4c4081a4ab0fbd17980, type: 3}
  m_Name: 
  m_EditorClassIdentifier: 
--- !u!114 &1203160656
MonoBehaviour:
  m_ObjectHideFlags: 0
  m_CorrespondingSourceObject: {fileID: 0}
  m_PrefabInstance: {fileID: 0}
  m_PrefabAsset: {fileID: 0}
  m_GameObject: {fileID: 1203160649}
  m_Enabled: 1
  m_EditorHideFlags: 0
  m_Script: {fileID: 11500000, guid: 948f4100a11a5c24981795d21301da5c, type: 3}
  m_Name: 
  m_EditorClassIdentifier: 
  volumeTrigger: {fileID: 0}
  volumeLayer:
    serializedVersion: 2
    m_Bits: 4294967295
  stopNaNPropagation: 1
  finalBlitToCameraTarget: 0
  antialiasingMode: 3
  temporalAntialiasing:
    jitterSpread: 0.75
    sharpness: 0.25
    stationaryBlending: 0.95
    motionBlending: 0.85
  subpixelMorphologicalAntialiasing:
    quality: 2
  fastApproximateAntialiasing:
    fastMode: 0
    keepAlpha: 0
  fog:
    enabled: 1
    excludeSkybox: 1
  debugLayer:
    lightMeter:
      width: 512
      height: 256
      showCurves: 1
    histogram:
      width: 512
      height: 256
      channel: 3
    waveform:
      exposure: 0.12
      height: 256
    vectorscope:
      size: 256
      exposure: 0.12
    overlaySettings:
      linearDepth: 0
      motionColorIntensity: 4
      motionGridSize: 64
      colorBlindnessType: 0
      colorBlindnessStrength: 1
  m_Resources: {fileID: 11400000, guid: d82512f9c8e5d4a4d938b575d47f88d4, type: 2}
  m_ShowToolkit: 0
  m_ShowCustomSorter: 0
  breakBeforeColorGrading: 0
  m_BeforeTransparentBundles: []
  m_BeforeStackBundles: []
  m_AfterStackBundles: []
--- !u!114 &1203160657
MonoBehaviour:
  m_ObjectHideFlags: 0
  m_CorrespondingSourceObject: {fileID: 0}
  m_PrefabInstance: {fileID: 0}
  m_PrefabAsset: {fileID: 0}
  m_GameObject: {fileID: 1203160649}
  m_Enabled: 1
  m_EditorHideFlags: 0
  m_Script: {fileID: 11500000, guid: 8b9a305e18de0c04dbd257a21cd47087, type: 3}
  m_Name: 
  m_EditorClassIdentifier: 
  sharedProfile: {fileID: 11400000, guid: 293f8d9cdb99bd041a0891703da8a88d, type: 2}
  isGlobal: 1
  blendDistance: 0
  weight: 1
  priority: 0
--- !u!1001 &1404692779
PrefabInstance:
  m_ObjectHideFlags: 0
  serializedVersion: 2
  m_Modification:
    m_TransformParent: {fileID: 0}
    m_Modifications:
    - target: {fileID: 6648316646996437204, guid: 3585508b0fdcd6c4cb67be207e5c158e,
        type: 3}
      propertyPath: m_Name
      value: ScoreMgr
      objectReference: {fileID: 0}
    - target: {fileID: 6648316646996437203, guid: 3585508b0fdcd6c4cb67be207e5c158e,
        type: 3}
      propertyPath: m_LocalPosition.x
      value: 0
      objectReference: {fileID: 0}
    - target: {fileID: 6648316646996437203, guid: 3585508b0fdcd6c4cb67be207e5c158e,
        type: 3}
      propertyPath: m_LocalPosition.y
      value: 0
      objectReference: {fileID: 0}
    - target: {fileID: 6648316646996437203, guid: 3585508b0fdcd6c4cb67be207e5c158e,
        type: 3}
      propertyPath: m_LocalPosition.z
      value: 0
      objectReference: {fileID: 0}
    - target: {fileID: 6648316646996437203, guid: 3585508b0fdcd6c4cb67be207e5c158e,
        type: 3}
      propertyPath: m_LocalRotation.x
      value: 0
      objectReference: {fileID: 0}
    - target: {fileID: 6648316646996437203, guid: 3585508b0fdcd6c4cb67be207e5c158e,
        type: 3}
      propertyPath: m_LocalRotation.y
      value: 0
      objectReference: {fileID: 0}
    - target: {fileID: 6648316646996437203, guid: 3585508b0fdcd6c4cb67be207e5c158e,
        type: 3}
      propertyPath: m_LocalRotation.z
      value: 0
      objectReference: {fileID: 0}
    - target: {fileID: 6648316646996437203, guid: 3585508b0fdcd6c4cb67be207e5c158e,
        type: 3}
      propertyPath: m_LocalRotation.w
      value: 1
      objectReference: {fileID: 0}
    - target: {fileID: 6648316646996437203, guid: 3585508b0fdcd6c4cb67be207e5c158e,
        type: 3}
      propertyPath: m_RootOrder
      value: 7
      objectReference: {fileID: 0}
    - target: {fileID: 6648316646996437203, guid: 3585508b0fdcd6c4cb67be207e5c158e,
        type: 3}
      propertyPath: m_LocalEulerAnglesHint.x
      value: 0
      objectReference: {fileID: 0}
    - target: {fileID: 6648316646996437203, guid: 3585508b0fdcd6c4cb67be207e5c158e,
        type: 3}
      propertyPath: m_LocalEulerAnglesHint.y
      value: 0
      objectReference: {fileID: 0}
    - target: {fileID: 6648316646996437203, guid: 3585508b0fdcd6c4cb67be207e5c158e,
        type: 3}
      propertyPath: m_LocalEulerAnglesHint.z
      value: 0
      objectReference: {fileID: 0}
    - target: {fileID: 6648316646996437202, guid: 3585508b0fdcd6c4cb67be207e5c158e,
        type: 3}
      propertyPath: scoreText
      value: 
      objectReference: {fileID: 930730078}
    m_RemovedComponents: []
  m_SourcePrefab: {fileID: 100100000, guid: 3585508b0fdcd6c4cb67be207e5c158e, type: 3}
--- !u!1 &1733560408 stripped
GameObject:
  m_CorrespondingSourceObject: {fileID: 2005930573150241640, guid: 4518bfa0b29bb6847be3ae21eef5291a,
    type: 3}
  m_PrefabInstance: {fileID: 2005930571183995624}
  m_PrefabAsset: {fileID: 0}
--- !u!114 &1733560409
MonoBehaviour:
  m_ObjectHideFlags: 0
  m_CorrespondingSourceObject: {fileID: 0}
  m_PrefabInstance: {fileID: 0}
  m_PrefabAsset: {fileID: 0}
  m_GameObject: {fileID: 1733560408}
  m_Enabled: 1
  m_EditorHideFlags: 0
  m_Script: {fileID: 11500000, guid: c28620eba675ebb4c842dacc02fa7c19, type: 3}
  m_Name: 
  m_EditorClassIdentifier: 
  factor: 0.045
--- !u!114 &1733560410
MonoBehaviour:
  m_ObjectHideFlags: 0
  m_CorrespondingSourceObject: {fileID: 0}
  m_PrefabInstance: {fileID: 0}
  m_PrefabAsset: {fileID: 0}
  m_GameObject: {fileID: 1733560408}
  m_Enabled: 1
  m_EditorHideFlags: 0
  m_Script: {fileID: 11500000, guid: 917275ad3d831ef45acf6bbf9870f400, type: 3}
  m_Name: 
  m_EditorClassIdentifier: 
--- !u!114 &1733560411
MonoBehaviour:
  m_ObjectHideFlags: 0
  m_CorrespondingSourceObject: {fileID: 0}
  m_PrefabInstance: {fileID: 0}
  m_PrefabAsset: {fileID: 0}
  m_GameObject: {fileID: 1733560408}
  m_Enabled: 1
  m_EditorHideFlags: 0
  m_Script: {fileID: 11500000, guid: 36b7c47ba969e714c9d6606a45b393c7, type: 3}
  m_Name: 
  m_EditorClassIdentifier: 
  maxDistance: 2
  minDistance: 1.5
--- !u!1 &1889638550
GameObject:
  m_ObjectHideFlags: 0
  m_CorrespondingSourceObject: {fileID: 0}
  m_PrefabInstance: {fileID: 0}
  m_PrefabAsset: {fileID: 0}
  serializedVersion: 6
  m_Component:
  - component: {fileID: 1889638552}
  - component: {fileID: 1889638551}
  m_Layer: 0
  m_Name: CoinMgr
  m_TagString: Untagged
  m_Icon: {fileID: 0}
  m_NavMeshLayer: 0
  m_StaticEditorFlags: 0
  m_IsActive: 1
--- !u!114 &1889638551
MonoBehaviour:
  m_ObjectHideFlags: 0
  m_CorrespondingSourceObject: {fileID: 0}
  m_PrefabInstance: {fileID: 0}
  m_PrefabAsset: {fileID: 0}
  m_GameObject: {fileID: 1889638550}
  m_Enabled: 1
  m_EditorHideFlags: 0
  m_Script: {fileID: 11500000, guid: 3a59d3f7c2f6d5d4b9d0615225c80378, type: 3}
  m_Name: 
  m_EditorClassIdentifier: 
  _player: {fileID: 1733560408}
  coinPre: {fileID: 107705228532127607, guid: 66a0770e85a8620449577dec13bc2de5, type: 3}
--- !u!4 &1889638552
Transform:
  m_ObjectHideFlags: 0
  m_CorrespondingSourceObject: {fileID: 0}
  m_PrefabInstance: {fileID: 0}
  m_PrefabAsset: {fileID: 0}
  m_GameObject: {fileID: 1889638550}
  m_LocalRotation: {x: 0, y: 0, z: 0, w: 1}
  m_LocalPosition: {x: 0, y: 0, z: 0}
  m_LocalScale: {x: 1, y: 1, z: 1}
  m_Children: []
  m_Father: {fileID: 0}
  m_RootOrder: 8
  m_LocalEulerAnglesHint: {x: 0, y: 0, z: 0}
--- !u!1 &1993056728
GameObject:
  m_ObjectHideFlags: 0
  m_CorrespondingSourceObject: {fileID: 0}
  m_PrefabInstance: {fileID: 0}
  m_PrefabAsset: {fileID: 0}
  serializedVersion: 6
  m_Component:
  - component: {fileID: 1993056729}
  m_Layer: 0
  m_Name: Stages
  m_TagString: Untagged
  m_Icon: {fileID: 0}
  m_NavMeshLayer: 0
  m_StaticEditorFlags: 0
  m_IsActive: 1
--- !u!4 &1993056729
Transform:
  m_ObjectHideFlags: 0
  m_CorrespondingSourceObject: {fileID: 0}
  m_PrefabInstance: {fileID: 0}
  m_PrefabAsset: {fileID: 0}
  m_GameObject: {fileID: 1993056728}
  m_LocalRotation: {x: 0, y: 0, z: 0, w: 1}
  m_LocalPosition: {x: 0.32615292, y: 0.64383876, z: -0.24610186}
  m_LocalScale: {x: 1, y: 1, z: 1}
  m_Children:
  - {fileID: 850841953}
  m_Father: {fileID: 0}
  m_RootOrder: 6
  m_LocalEulerAnglesHint: {x: 0, y: 0, z: 0}
--- !u!1001 &2132151624
PrefabInstance:
  m_ObjectHideFlags: 0
  serializedVersion: 2
  m_Modification:
    m_TransformParent: {fileID: 8764350643361560074}
    m_Modifications:
    - target: {fileID: 6411232406104520035, guid: 99896cae52ae9314abd8ae44d1971fec,
        type: 3}
      propertyPath: m_Name
      value: Texts2
      objectReference: {fileID: 0}
    - target: {fileID: 6411232406104520036, guid: 99896cae52ae9314abd8ae44d1971fec,
        type: 3}
      propertyPath: m_LocalPosition.x
      value: 0
      objectReference: {fileID: 0}
    - target: {fileID: 6411232406104520036, guid: 99896cae52ae9314abd8ae44d1971fec,
        type: 3}
      propertyPath: m_LocalPosition.y
      value: 0
      objectReference: {fileID: 0}
    - target: {fileID: 6411232406104520036, guid: 99896cae52ae9314abd8ae44d1971fec,
        type: 3}
      propertyPath: m_LocalPosition.z
      value: 0
      objectReference: {fileID: 0}
    - target: {fileID: 6411232406104520036, guid: 99896cae52ae9314abd8ae44d1971fec,
        type: 3}
      propertyPath: m_LocalRotation.x
      value: -0
      objectReference: {fileID: 0}
    - target: {fileID: 6411232406104520036, guid: 99896cae52ae9314abd8ae44d1971fec,
        type: 3}
      propertyPath: m_LocalRotation.y
      value: -0
      objectReference: {fileID: 0}
    - target: {fileID: 6411232406104520036, guid: 99896cae52ae9314abd8ae44d1971fec,
        type: 3}
      propertyPath: m_LocalRotation.z
      value: -0
      objectReference: {fileID: 0}
    - target: {fileID: 6411232406104520036, guid: 99896cae52ae9314abd8ae44d1971fec,
        type: 3}
      propertyPath: m_LocalRotation.w
      value: 1
      objectReference: {fileID: 0}
    - target: {fileID: 6411232406104520036, guid: 99896cae52ae9314abd8ae44d1971fec,
        type: 3}
      propertyPath: m_RootOrder
      value: 0
      objectReference: {fileID: 0}
    - target: {fileID: 6411232406104520036, guid: 99896cae52ae9314abd8ae44d1971fec,
        type: 3}
      propertyPath: m_LocalEulerAnglesHint.x
      value: 0
      objectReference: {fileID: 0}
    - target: {fileID: 6411232406104520036, guid: 99896cae52ae9314abd8ae44d1971fec,
        type: 3}
      propertyPath: m_LocalEulerAnglesHint.y
      value: 0
      objectReference: {fileID: 0}
    - target: {fileID: 6411232406104520036, guid: 99896cae52ae9314abd8ae44d1971fec,
        type: 3}
      propertyPath: m_LocalEulerAnglesHint.z
      value: 0
      objectReference: {fileID: 0}
    - target: {fileID: 6411232406104520036, guid: 99896cae52ae9314abd8ae44d1971fec,
        type: 3}
      propertyPath: m_AnchoredPosition.x
      value: 0
      objectReference: {fileID: 0}
    - target: {fileID: 6411232406104520036, guid: 99896cae52ae9314abd8ae44d1971fec,
        type: 3}
      propertyPath: m_AnchoredPosition.y
      value: 108
      objectReference: {fileID: 0}
    - target: {fileID: 6411232406104520036, guid: 99896cae52ae9314abd8ae44d1971fec,
        type: 3}
      propertyPath: m_SizeDelta.x
      value: 100
      objectReference: {fileID: 0}
    - target: {fileID: 6411232406104520036, guid: 99896cae52ae9314abd8ae44d1971fec,
        type: 3}
      propertyPath: m_SizeDelta.y
      value: 100
      objectReference: {fileID: 0}
    - target: {fileID: 6411232406104520036, guid: 99896cae52ae9314abd8ae44d1971fec,
        type: 3}
      propertyPath: m_AnchorMin.x
      value: 0.5
      objectReference: {fileID: 0}
    - target: {fileID: 6411232406104520036, guid: 99896cae52ae9314abd8ae44d1971fec,
        type: 3}
      propertyPath: m_AnchorMin.y
      value: 0.5
      objectReference: {fileID: 0}
    - target: {fileID: 6411232406104520036, guid: 99896cae52ae9314abd8ae44d1971fec,
        type: 3}
      propertyPath: m_AnchorMax.x
      value: 0.5
      objectReference: {fileID: 0}
    - target: {fileID: 6411232406104520036, guid: 99896cae52ae9314abd8ae44d1971fec,
        type: 3}
      propertyPath: m_AnchorMax.y
      value: 0.5
      objectReference: {fileID: 0}
    - target: {fileID: 6411232406104520036, guid: 99896cae52ae9314abd8ae44d1971fec,
        type: 3}
      propertyPath: m_Pivot.x
      value: 0.5
      objectReference: {fileID: 0}
    - target: {fileID: 6411232406104520036, guid: 99896cae52ae9314abd8ae44d1971fec,
        type: 3}
      propertyPath: m_Pivot.y
      value: 0.5
      objectReference: {fileID: 0}
    m_RemovedComponents: []
  m_SourcePrefab: {fileID: 100100000, guid: 99896cae52ae9314abd8ae44d1971fec, type: 3}
--- !u!1001 &2005930571183995624
PrefabInstance:
  m_ObjectHideFlags: 0
  serializedVersion: 2
  m_Modification:
    m_TransformParent: {fileID: 0}
    m_Modifications:
    - target: {fileID: 2005930573150241640, guid: 4518bfa0b29bb6847be3ae21eef5291a,
        type: 3}
      propertyPath: m_Name
      value: Player
      objectReference: {fileID: 0}
    - target: {fileID: 2005930573150241641, guid: 4518bfa0b29bb6847be3ae21eef5291a,
        type: 3}
      propertyPath: m_LocalPosition.x
      value: 0
      objectReference: {fileID: 0}
    - target: {fileID: 2005930573150241641, guid: 4518bfa0b29bb6847be3ae21eef5291a,
        type: 3}
      propertyPath: m_LocalPosition.y
      value: 0.833
      objectReference: {fileID: 0}
    - target: {fileID: 2005930573150241641, guid: 4518bfa0b29bb6847be3ae21eef5291a,
        type: 3}
      propertyPath: m_LocalPosition.z
      value: 0
      objectReference: {fileID: 0}
    - target: {fileID: 2005930573150241641, guid: 4518bfa0b29bb6847be3ae21eef5291a,
        type: 3}
      propertyPath: m_LocalRotation.x
      value: 0
      objectReference: {fileID: 0}
    - target: {fileID: 2005930573150241641, guid: 4518bfa0b29bb6847be3ae21eef5291a,
        type: 3}
      propertyPath: m_LocalRotation.y
      value: 0
      objectReference: {fileID: 0}
    - target: {fileID: 2005930573150241641, guid: 4518bfa0b29bb6847be3ae21eef5291a,
        type: 3}
      propertyPath: m_LocalRotation.z
      value: 0
      objectReference: {fileID: 0}
    - target: {fileID: 2005930573150241641, guid: 4518bfa0b29bb6847be3ae21eef5291a,
        type: 3}
      propertyPath: m_LocalRotation.w
      value: 1
      objectReference: {fileID: 0}
    - target: {fileID: 2005930573150241641, guid: 4518bfa0b29bb6847be3ae21eef5291a,
        type: 3}
      propertyPath: m_RootOrder
      value: 4
      objectReference: {fileID: 0}
    - target: {fileID: 2005930573150241641, guid: 4518bfa0b29bb6847be3ae21eef5291a,
        type: 3}
      propertyPath: m_LocalEulerAnglesHint.x
      value: 0
      objectReference: {fileID: 0}
    - target: {fileID: 2005930573150241641, guid: 4518bfa0b29bb6847be3ae21eef5291a,
        type: 3}
      propertyPath: m_LocalEulerAnglesHint.y
      value: 0
      objectReference: {fileID: 0}
    - target: {fileID: 2005930573150241641, guid: 4518bfa0b29bb6847be3ae21eef5291a,
        type: 3}
      propertyPath: m_LocalEulerAnglesHint.z
      value: 0
      objectReference: {fileID: 0}
    m_RemovedComponents:
    - {fileID: 2005930573150241643, guid: 4518bfa0b29bb6847be3ae21eef5291a, type: 3}
  m_SourcePrefab: {fileID: 100100000, guid: 4518bfa0b29bb6847be3ae21eef5291a, type: 3}
--- !u!1001 &8764350643361560073
PrefabInstance:
  m_ObjectHideFlags: 0
  serializedVersion: 2
  m_Modification:
    m_TransformParent: {fileID: 0}
    m_Modifications:
    - target: {fileID: 8764350643429286614, guid: c23740a102326ae429ee3862b0bde33c,
        type: 3}
      propertyPath: m_Name
      value: Canvas
      objectReference: {fileID: 0}
    - target: {fileID: 8764350643429286634, guid: c23740a102326ae429ee3862b0bde33c,
        type: 3}
      propertyPath: m_LocalPosition.x
      value: 0
      objectReference: {fileID: 0}
    - target: {fileID: 8764350643429286634, guid: c23740a102326ae429ee3862b0bde33c,
        type: 3}
      propertyPath: m_LocalPosition.y
      value: 0
      objectReference: {fileID: 0}
    - target: {fileID: 8764350643429286634, guid: c23740a102326ae429ee3862b0bde33c,
        type: 3}
      propertyPath: m_LocalPosition.z
      value: 0
      objectReference: {fileID: 0}
    - target: {fileID: 8764350643429286634, guid: c23740a102326ae429ee3862b0bde33c,
        type: 3}
      propertyPath: m_LocalRotation.x
      value: 0
      objectReference: {fileID: 0}
    - target: {fileID: 8764350643429286634, guid: c23740a102326ae429ee3862b0bde33c,
        type: 3}
      propertyPath: m_LocalRotation.y
      value: 0
      objectReference: {fileID: 0}
    - target: {fileID: 8764350643429286634, guid: c23740a102326ae429ee3862b0bde33c,
        type: 3}
      propertyPath: m_LocalRotation.z
      value: 0
      objectReference: {fileID: 0}
    - target: {fileID: 8764350643429286634, guid: c23740a102326ae429ee3862b0bde33c,
        type: 3}
      propertyPath: m_LocalRotation.w
      value: 1
      objectReference: {fileID: 0}
    - target: {fileID: 8764350643429286634, guid: c23740a102326ae429ee3862b0bde33c,
        type: 3}
      propertyPath: m_RootOrder
      value: 0
      objectReference: {fileID: 0}
    - target: {fileID: 8764350643429286634, guid: c23740a102326ae429ee3862b0bde33c,
        type: 3}
      propertyPath: m_LocalEulerAnglesHint.x
      value: 0
      objectReference: {fileID: 0}
    - target: {fileID: 8764350643429286634, guid: c23740a102326ae429ee3862b0bde33c,
        type: 3}
      propertyPath: m_LocalEulerAnglesHint.y
      value: 0
      objectReference: {fileID: 0}
    - target: {fileID: 8764350643429286634, guid: c23740a102326ae429ee3862b0bde33c,
        type: 3}
      propertyPath: m_LocalEulerAnglesHint.z
      value: 0
      objectReference: {fileID: 0}
    - target: {fileID: 8764350643429286634, guid: c23740a102326ae429ee3862b0bde33c,
        type: 3}
      propertyPath: m_AnchoredPosition.x
      value: 0
      objectReference: {fileID: 0}
    - target: {fileID: 8764350643429286634, guid: c23740a102326ae429ee3862b0bde33c,
        type: 3}
      propertyPath: m_AnchoredPosition.y
      value: 0
      objectReference: {fileID: 0}
    - target: {fileID: 8764350643429286634, guid: c23740a102326ae429ee3862b0bde33c,
        type: 3}
      propertyPath: m_SizeDelta.x
      value: 0
      objectReference: {fileID: 0}
    - target: {fileID: 8764350643429286634, guid: c23740a102326ae429ee3862b0bde33c,
        type: 3}
      propertyPath: m_SizeDelta.y
      value: 0
      objectReference: {fileID: 0}
    - target: {fileID: 8764350643429286634, guid: c23740a102326ae429ee3862b0bde33c,
        type: 3}
      propertyPath: m_AnchorMin.x
      value: 0
      objectReference: {fileID: 0}
    - target: {fileID: 8764350643429286634, guid: c23740a102326ae429ee3862b0bde33c,
        type: 3}
      propertyPath: m_AnchorMin.y
      value: 0
      objectReference: {fileID: 0}
    - target: {fileID: 8764350643429286634, guid: c23740a102326ae429ee3862b0bde33c,
        type: 3}
      propertyPath: m_AnchorMax.x
      value: 0
      objectReference: {fileID: 0}
    - target: {fileID: 8764350643429286634, guid: c23740a102326ae429ee3862b0bde33c,
        type: 3}
      propertyPath: m_AnchorMax.y
      value: 0
      objectReference: {fileID: 0}
    - target: {fileID: 8764350643429286634, guid: c23740a102326ae429ee3862b0bde33c,
        type: 3}
      propertyPath: m_Pivot.x
      value: 0
      objectReference: {fileID: 0}
    - target: {fileID: 8764350643429286634, guid: c23740a102326ae429ee3862b0bde33c,
        type: 3}
      propertyPath: m_Pivot.y
      value: 0
      objectReference: {fileID: 0}
    - target: {fileID: 8764350645414777560, guid: c23740a102326ae429ee3862b0bde33c,
        type: 3}
      propertyPath: m_SizeDelta.x
      value: 254.05
      objectReference: {fileID: 0}
    - target: {fileID: 8764350645414777560, guid: c23740a102326ae429ee3862b0bde33c,
        type: 3}
      propertyPath: m_AnchoredPosition.x
      value: -374.6
      objectReference: {fileID: 0}
    - target: {fileID: 8764350643789251193, guid: c23740a102326ae429ee3862b0bde33c,
        type: 3}
      propertyPath: m_AnchoredPosition.x
      value: -151.6
      objectReference: {fileID: 0}
    - target: {fileID: 8764350643789251193, guid: c23740a102326ae429ee3862b0bde33c,
        type: 3}
      propertyPath: m_AnchoredPosition.y
      value: 333
      objectReference: {fileID: 0}
    - target: {fileID: 8764350645414777563, guid: c23740a102326ae429ee3862b0bde33c,
        type: 3}
      propertyPath: m_Text
      value: 'AudioLength:'
      objectReference: {fileID: 0}
    m_RemovedComponents: []
  m_SourcePrefab: {fileID: 100100000, guid: c23740a102326ae429ee3862b0bde33c, type: 3}
--- !u!224 &8764350643361560074 stripped
RectTransform:
  m_CorrespondingSourceObject: {fileID: 8764350643429286634, guid: c23740a102326ae429ee3862b0bde33c,
    type: 3}
  m_PrefabInstance: {fileID: 8764350643361560073}
  m_PrefabAsset: {fileID: 0}
